@article{xie2016bayesian,
	title={Bayesian optimization via simulation with pairwise sampling and correlated prior beliefs},
	author={Xie, Jing and Frazier, Peter I and Chick, Stephen E},
	journal={Operations Research},
	volume={64},
	number={2},
	pages={542--559},
	year={2016},
	publisher={INFORMS}
}

@article{clark1961greatest,
	title={The greatest of a finite set of random variables},
	author={Clark, Charles E},
	journal={Operations Research},
	volume={9},
	number={2},
	pages={145--162},
	year={1961},
	publisher={INFORMS}
}

@article{Kveton2014TightRB,
  title={Tight Regret Bounds for Stochastic Combinatorial Semi-Bandits},
  author={Branislav Kveton and Zheng Wen and Azin Ashkan and Csaba Szepesvari},
  journal={ArXiv},
  year={2014},
  volume={abs/1410.0949},
  url={https://api.semanticscholar.org/CorpusID:6152788}
}